@article{Jiun2020,
  author   = {\textbf{Jiun Bae} and Jongwoo Lim},
  title    = {\textbf{Object detection in fisheye lens environment}},
  journal  = {Image Processing and Image Understanding},
  volume   = {32nd Workshop},
  year     = {2020},
  keywords = {computer},
}

@article{Gitaek2020,
  author   = {Gitaek Kwon and \textbf{Jiun Bae} and Jongwoo Lim},
  title    = {\textbf{Object counting using object detection and re-identification in video sequence}},
  journal  = {Image Processing and Image Understanding},
  volume   = {32nd Workshop},
  year     = {2020},
  keywords = {computer}
}

@article{DBLP:journals/corr/abs-2002-03642,
  author      = {Jongbin Ryu and \textbf{Jiun Bae} and Jongwoo Lim},
  title       = {\textbf{Collaborative Training of Balanced Random Forests for Open Set Domain Adaptation}},
  journal     = {CoRR},
  volume      = {abs/2002.03642},
  year        = {2020},
  eprinttype  = {arXiv},
  eprint      = {2002.03642},
  timestamp   = {Wed, 12 Feb 2020 16:38:55 +0100},
  biburl      = {https://dblp.org/rec/journals/corr/abs-2002-03642.bib},
  bibsource   = {dblp computer science bibliography, https://dblp.org}
}

% @MastersThesis{Jiun:Thesis:2021,
%   author  = {\textbf{Jiun Bae}},
%   title   = {\textbf{Dilated warping convolution for object detection in fisheye}},
%   school  = {Hanyang University},
%   year    = {2021},
% }
